@article{pointer,
type = {Article},
publisher = {{DY Classroom}},
title = {{C - Pointers and Strings}},
urldate = {2022-01-14},
url = {https://dyclassroom.com/c/c-pointers-and-strings}
}
@article{pointer2,
type = {Article},
publisher = {{OverIQ}},
title = {{Array of Pointers to Strings in C}},
urldate = {2022-01-14},
url = {https://overiq.com/c-programming-101/array-of-pointers-to-strings-in-c/},
year = {2020}
}
